@inproceedings{giammarino2023open,
  title={An Open Tele-Impedance Framework to Generate Data for Contact-Rich Tasks in Robotic Manipulation},
  author={Giammarino, Alberto and Gandarias, Juan M and Ajoudani, Arash},
  booktitle={2023 IEEE International Conference on Advanced Robotics and Its Social Impacts (ARSO)},
  pages={140--146},
  year={2023},
}

@article{arbaud2024toward,
  title={Toward Sustainable Haptics: A Wearable Vibrotactile Solar-Powered System with Biodegradable Components},
  author={Arbaud, Robin and Najafi, Maedeh and Gandarias, Juan M and Lorenzini, Marta and Paul, Uttam C and Zych, Arkadiusz and Athanassiou, Athanassia and Cataldi, Pietro and Ajoudani, Arash},
  journal={Advanced Materials Technologies},
  pages={2301265},
  publisher={Wiley Online Library}
}

@incollection{pastor2020grasping,
    author = {Pastor, Francisco and Gandarias, Juan M and Garc{\'\i}a-Cerezo, Alfonso J and Mu{\~n}oz-Ram{\'\i}rez, Antonio J and G{\'o}mez-de-Gabriel, Jes{\'u}s M} ,
    title = {Grasping angle estimation of human forearm with underactuated grippers using proprioceptive feedback},
    booktitle = {Robot 2019: Fourth Iberian Robotics Conference: Advances in Robotics, Volume 2},
    publisher = {Springer},
    pages={441--452},
    year={2020},
    editor = {Manuel F. Silva and Jos\'e Lu√≠s Lima and Lu\'is Paulo Reis and Alberto Sanfeliu and Danilo Tardioli},
    chapter = 10,
}

@book{featherstone2014rigid,
  title={Rigid body dynamics algorithms},
  author={Featherstone, Roy},
  year={2014},
  publisher={Springer}
}

@article{web_juanma,
  title={{Juan M. Gandarias personal website}},
  author={{Juan M. Gandarias}},
  journal={Acessed online (1 April 2024)},
  url={https://jmgandarias.com/}
}